@article{Aamodt:2008zz,
    author         = "Aamodt, K. and others",
    title          = "{The ALICE experiment at the CERN LHC}",
    collaboration  = "ALICE",
    journal        = "JINST",
    volume         = "3",
    year           = "2008",
    pages          = "S08002",
    doi            = "10.1088/1748-0221/3/08/S08002",
    SLACcitation   = "%%CITATION = JINST,3,S08002;%%"
}



@article{Schicker:2014wvk,
    author         = "Schicker, R.",
    title          = "{Central exclusive production in the ALICE experiment at the LHC}",
    journal        = "Int. J. Mod. Phys.",
    volume         = "A29",
    year           = "2014",
    pages          = "1446015",
    doi            = "10.1142/S0217751X14460154",
    eprint         = "1411.1283",
    archivePrefix  = "arXiv",
    primaryClass   = "hep-ex",
    SLACcitation   = "%%CITATION = ARXIV:1411.1283;%%"
}

@Article{Wolter2007,
    author="Wolter, M.",
    title="Multivariate analysis methods in physics",
    journal="Physics of Particles and Nuclei",
    year="2007",
    month="Mar",
    day="01",
    volume="38",
    number="2",
    pages="255--268",
    abstract="In this article, a review of multivariate methods based on statistical learning is given. Several popular multivariate methods useful in high-energy physics analysis are discussed. Selected examples from current research in particle physics are discussed, both from online trigger selection and from off-line analysis. In addition, statistical learning methods, not yet applied in particle physics, are presented and some new applications are suggested.",
    issn="1531-8559",
    doi="10.1134/S1063779607020050",
    url="https://doi.org/10.1134/S1063779607020050"
}

